
% Journals

% First the Full Name is given, then the abbreviation used in the AMS Math
% Reviews, with an indication if it could not be found there.
% Note the 2nd overwrites the 1st, so swap them if you want the full name.

 %{AMS}
 @String{AMSTrans = "American Mathematical Society Translations" }
 @String{AMSTrans = "Amer. Math. Soc. Transl." }
 @String{BullAMS = "Bulletin of the American Mathematical Society" }
 @String{BullAMS = "Bull. Amer. Math. Soc." }
 @String{ProcAMS = "Proceedings of the American Mathematical Society" }
 @String{ProcAMS = "Proc. Amer. Math. Soc." }
 @String{TransAMS = "Transactions of the American Mathematical Society" }
 @String{TransAMS = "Trans. Amer. Math. Soc." }

 %ACM
 @String{CACM = "Communications of the {ACM}" }
 @String{CACM = "Commun. {ACM}" }
 @String{CompServ = "Comput. Surveys" }
 @String{JACM = "J. ACM" }
 @String{ACMMathSoft = "{ACM} Transactions on Mathematical Software" }
 @String{ACMMathSoft = "{ACM} Trans. Math. Software" }
 @String{SIGNUM = "{ACM} {SIGNUM} Newsletter" }
 @String{SIGNUM = "{ACM} {SIGNUM} Newslett." }

 @String{AmerSocio = "American Journal of Sociology" }
 @String{AmerStatAssoc = "Journal of the American Statistical Association" }
 @String{AmerStatAssoc = "J. Amer. Statist. Assoc." }
 @String{ApplMathComp = "Applied Mathematics and Computation" }
 @String{ApplMathComp = "Appl. Math. Comput." }
 @String{AmerMathMonthly = "American Mathematical Monthly" }
 @String{AmerMathMonthly = "Amer. Math. Monthly" }
 @String{BIT = "{BIT}" }
 @String{BritStatPsych = "British Journal of Mathematical and Statistical
          Psychology" }
 @String{BritStatPsych = "Brit. J. Math. Statist. Psych." }
 @String{CanMathBull = "Canadian Mathematical Bulletin" }
 @String{CanMathBull = "Canad. Math. Bull." }
 @String{CompApplMath = "Journal of Computational and Applied Mathematics" }
 @String{CompApplMath = "J. Comput. Appl. Math." }
 @String{CompPhys = "Journal of Computational Physics" }
 @String{CompPhys = "J. Comput. Phys." }
 @String{CompStruct = "Computers and Structures" }
 @String{CompStruct = "Comput. \& Structures" }
 @String{CompJour = "The Computer Journal" }
 @String{CompJour = "Comput. J." }
 @String{CompSysSci = "Journal of Computer and System Sciences" }
 @String{CompSysSci = "J. Comput. System Sci." }
 @String{Computing = "Computing" }
 @String{ContempMath = "Contemporary Mathematics" }
 @String{ContempMath = "Contemp. Math." }
 @String{Crelle = "Crelle's Journal" }
 @String{GiornaleMath = "Giornale di Mathematiche" }
 @String{GiornaleMath = "Giorn. Mat." } % didn't find in AMS MR., ibid.

 %IEEE
 @String{Computer = "{IEEE} Computer" }
 @String{IEEETransComp = "{IEEE} Transactions on Computers" }
 @String{IEEETransComp = "{IEEE} Trans. Comput." }
 @String{IEEETransAC = "{IEEE} Transactions on Automatic Control" }
 @String{IEEETransAC = "{IEEE} Trans. Automat. Control" }
 @String{IEEESpec = "{IEEE} Spectrum" } % didn't find in AMS MR
 @String{ProcIEEE = "Proceedings of the {IEEE}" }
 @String{ProcIEEE = "Proc. {IEEE}" } % didn't find in AMS MR
 @String{IEEETransAeroElec = "{IEEE} Transactions on Aerospace and Electronic
     Systems" }
 @String{IEEETransAeroElec = "{IEEE} Trans. Aerospace Electron. Systems" }

 @String{IMANumerAna = "{IMA} Journal of Numerical Analysis" }
 @String{IMANumerAna = "{IMA} J. Numer. Anal." }
 @String{InfProcLet = "Information Processing Letters" }
 @String{InfProcLet = "Inform. Process. Lett." }
 @String{InstMathApp = "Journal of the Institute of Mathematics and
     its Applications" }
 @String{InstMathApp = "J. Inst. Math. Appl." }
 @String{IntControl = "International Journal of Control" }
 @String{IntControl = "Internat. J. Control" }
 @String{IntNumerEng = "International Journal for Numerical Methods in
     Engineering" }
 @String{IntNumerEng = "Internat. J. Numer. Methods Engrg." }
 @String{IntSuper = "International Journal of Supercomputing Applications" }
 @String{IntSuper = "Internat. J. Supercomputing Applic." } % didn't find
%% in AMS MR
 @String{Kibernetika = "Kibernetika" }
 @String{JResNatBurStand = "Journal of Research of the National Bureau
     of Standards" }
 @String{JResNatBurStand = "J. Res. Nat. Bur. Standards" }
 @String{LinAlgApp = "Linear Algebra and its Applications" }
 @String{LinAlgApp = "Linear Algebra Appl." }
 @String{MathAnaAppl = "Journal of Mathematical Analysis and Applications" }
 @String{MathAnaAppl = "J. Math. Anal. Appl." }
 @String{MathAnnalen = "Mathematische Annalen" }
 @String{MathAnnalen = "Math. Ann." }
 @String{MathPhys = "Journal of Mathematical Physics" }
 @String{MathPhys = "J. Math. Phys." }
 @String{MathComp = "Mathematics of Computation" }
 @String{MathComp = "Math. Comp." }
 @String{MathScand = "Mathematica Scandinavica" }
 @String{MathScand = "Math. Scand." }
 @String{TablesAidsComp = "Mathematical Tables and Other Aids to Computation" }
 @String{TablesAidsComp = "Math. Tables Aids Comput." }
 @String{NumerMath = "Numerische Mathematik" }
 @String{NumerMath = "Numer. Math." }
 @String{PacificMath = "Pacific Journal of Mathematics" }
 @String{PacificMath = "Pacific J. Math." }
 @String{ParDistComp = "Journal of Parallel and Distributed Computing" }
 @String{ParDistComp = "J. Parallel and Distrib. Comput." } % didn't find
%% in AMS MR
 @String{ParComputing = "Parallel Computing" }
 @String{ParComputing = "Parallel Comput." }
 @String{PhilMag = "Philosophical Magazine" }
 @String{PhilMag = "Philos. Mag." }
 @String{ProcNAS = "Proceedings of the National Academy of Sciences
                    of the USA" }
 @String{ProcNAS = "Proc. Nat. Acad. Sci. U. S. A." }
 @String{Psychometrika = "Psychometrika" }
 @String{QuartMath = "Quarterly Journal of Mathematics, Oxford, Series (2)" }
 @String{QuartMath = "Quart. J. Math. Oxford Ser. (2)" }
 @String{QuartApplMath = "Quarterly of Applied Mathematics" }
 @String{QuartApplMath = "Quart. Appl. Math." }
 @String{RevueInstStat = "Review of the International Statisical Institute" }
 @String{RevueInstStat = "Rev. Inst. Internat. Statist." }

 %SIAM
 @String{JSIAM = "Journal of the Society for Industrial and Applied
     Mathematics" }
 @String{JSIAM = "J. Soc. Indust. Appl. Math." }
 @String{JSIAMB = "Journal of the Society for Industrial and Applied
     Mathematics, Series B, Numerical Analysis" }
 @String{JSIAMB = "J. Soc. Indust. Appl. Math. Ser. B Numer. Anal." }
 @String{SIAMAlgMeth = "{SIAM} Journal on Algebraic and Discrete Methods" }
 @String{SIAMAlgMeth = "{SIAM} J. Algebraic Discrete Methods" }
 @String{SIAMAppMath = "{SIAM} Journal on Applied Mathematics" }
 @String{SIAMAppMath = "{SIAM} J. Appl. Math." }
 @String{SIAMComp = "{SIAM} Journal on Computing" }
 @String{SIAMComp = "{SIAM} J. Comput." }
 @String{SIAMMatrix = "{SIAM} Journal on Matrix Analysis and Applications" }
 @String{SIAMMatrix = "{SIAM} J. Matrix Anal. Appl." }
 @String{SIAMNumAnal = "{SIAM} Journal on Numerical Analysis" }
 @String{SIAMNumAnal = "{SIAM} J. Numer. Anal." }
 @String{SIAMReview = "{SIAM} Review" }
 @String{SIAMReview = "{SIAM} Rev." }
 @String{SIAMSciStat = "{SIAM} Journal on Scientific and Statistical
     Computing" }
 @String{SIAMSciStat = "{SIAM} J. Sci. Statist. Comput." }

 @String{SoftPracExp = "Software Practice and Experience" }
 @String{SoftPracExp = "Software Prac. Experience" } % didn't find in AMS MR
 @String{StatScience = "Statistical Science" }
 @String{StatScience = "Statist. Sci." }
 @String{Techno = "Technometrics" }
 @String{USSRCompMathPhys = "{USSR} Computational Mathematics and Mathematical
     Physics" }
 @String{USSRCompMathPhys = "{U. S. S. R.} Comput. Math. and Math. Phys." }
 @String{VLSICompSys = "Journal of {VLSI} and Computer Systems" }
 @String{VLSICompSys = "J. {VLSI} Comput. Syst." }
 @String{ZAngewMathMech = "Zeitschrift fur Angewandte Mathematik und
     Mechanik" }
 @String{ZAngewMathMech = "Z. Angew. Math. Mech." }
 @String{ZAngewMathPhys = "Zeitschrift fur Angewandte Mathematik und Physik" }
 @String{ZAngewMathPhys = "Z. Angew. Math. Phys." }

% Publishers % ================================================= |

 @String{Academic = "Academic Press" }
 @String{ACMPress = "{ACM} Press" }
 @String{AdamHilger = "Adam Hilger" }
 @String{AddisonWesley = "Addison-Wesley" }
 @String{AllynBacon = "Allyn and Bacon" }
 @String{AMS = "American Mathematical Society" }
 @String{Birkhauser = "Birkha{\"u}ser" }
 @String{CambridgePress = "Cambridge University Press" }
 @String{Chelsea = "Chelsea" }
 @String{ClaredonPress = "Claredon Press" }
 @String{DoverPub = "Dover Publications" }
 @String{Eyolles = "Eyolles" }
 @String{HoltRinehartWinston = "Holt, Rinehart and Winston" }
 @String{Interscience = "Interscience" }
 @String{JohnsHopkinsPress = "The Johns Hopkins University Press" }
 @String{JohnWileySons = "John Wiley and Sons" }
 @String{Macmillan = "Macmillan" }
 @String{MathWorks = "The Math Works Inc." }
 @String{McGrawHill = "McGraw-Hill" }
 @String{NatBurStd = "National Bureau of Standards" }
 @String{NorthHolland = "North-Holland" }
 @String{OxfordPress = "Oxford University Press" }  %address Oxford or London?
 @String{PergamonPress = "Pergamon Press" }
 @String{PlenumPress = "Plenum Press" }
 @String{PrenticeHall = "Prentice-Hall" }
 @String{SIAMPub = "{SIAM} Publications" }
 @String{Springer = "Springer-Verlag" }
 @String{TexasPress = "University of Texas Press" }
 @String{VanNostrand = "Van Nostrand" }
 @String{WHFreeman = "W. H. Freeman and Co." }

%Entries

@SOFTWARE{SW:Unity,
  author = {{Mark VanderVoord, Mike Karlesky, and Greg Williams}},
  title = {Unity},
  url = {https://www.throwtheswitch.org/unity},
  version = {2.5.2},
  date = {2021-01-29},
}

@SOFTWARE{SW:Pytest,
  author = {{Holger Krekel}},
  title = {PyTest},
  url = {https://docs.pytest.org/en/7.4.x/},
  version = {7.4.4},
  date = {2023-12-31},
}

@MISC{PRESET,
  title = {McMaster PRESET},
  howpublished ={\url{https://mcmasterneudose.ca/updates}},
  note = {Accessed: 2023-12-14}
}

Scopus
EXPORT DATE: 31 December 2023

@CONFERENCE{DSL:MobileApp,
	author = {Maldonado, Sergio David Romero and Garcia, Jose Joaquin Bocanegra},
	title = {Towards a Domain-Specific Language for Provisioning Multiple Cloud Testing Environments for Mobile Applications},
	year = {2022},
	journal = {Proceedings - 3rd International Conference on Information Systems and Software Technologies, ICI2ST 2022},
	pages = {178 – 184},
	doi = {10.1109/ICI2ST57350.2022.00033},
	url = {https://www.scopus.com/inward/record.uri?eid=2-s2.0-85151342791&doi=10.1109%2fICI2ST57350.2022.00033&partnerID=40&md5=6dce0eb822ccc6cfd1f48d4250416d3b},
	type = {Conference paper},
	publication_stage = {Final},
	source = {Scopus}
}

@CONFERENCE{DSL:Elevators,
	author = {Arrieta, Aitor and Otaegi, Maialen and Han, Liping and Sagardui, Goiuria and Ali, Shaukat and Arratibel, Maite},
	title = {Automating Test Oracle Generation in DevOps for Industrial Elevators},
	year = {2022},
	journal = {Proceedings - 2022 IEEE International Conference on Software Analysis, Evolution and Reengineering, SANER 2022},
	pages = {284 – 288},
	doi = {10.1109/SANER53432.2022.00044},
	url = {https://www.scopus.com/inward/record.uri?eid=2-s2.0-85135769441&doi=10.1109%2fSANER53432.2022.00044&partnerID=40&md5=a2790bff5ac4f932329baeba3c3f690c},
	type = {Conference paper},
	publication_stage = {Final},
	source = {Scopus}
}

@ARTICLE{DSL:SimulateIoT,
	author = {Barriga, Jose A. and Clemente, Pedro J. and Sosa-Sanchez, Encarna and Prieto, Alvaro E.},
	title = {SimulateIoT: Domain Specific Language to Design, Code Generation and Execute IoT Simulation Environments},
	year = {2021},
	journal = {IEEE Access},
	volume = {9},
	pages = {92531 – 92552},
	doi = {10.1109/ACCESS.2021.3092528},
	url = {https://www.scopus.com/inward/record.uri?eid=2-s2.0-85112504291&doi=10.1109%2fACCESS.2021.3092528&partnerID=40&md5=0a0e2906778bcdc7485ba68f9c9150db},
	type = {Article},
	publication_stage = {Final},
	source = {Scopus}
}

@ARTICLE{DSL:CyberPhysical,
	author = {Shin, Seung Yeob and Chaouch, Karim and Nejati, Shiva and Sabetzadeh, Mehrdad and Briand, Lionel C. and Zimmer, Frank},
	title = {Uncertainty-aware specification and analysis for hardware-in-the-loop testing of cyber-physical systems},
	year = {2021},
	journal = {Journal of Systems and Software},
	volume = {171},
	doi = {10.1016/j.jss.2020.110813},
	url = {https://www.scopus.com/inward/record.uri?eid=2-s2.0-85090366447&doi=10.1016%2fj.jss.2020.110813&partnerID=40&md5=a0924ac877b44f81c22cfc12c14a48c9},
	type = {Article},
	publication_stage = {Final},
	source = {Scopus}
}

@CONFERENCE{DSL:Circuits,
	author = {Rumpold, Adrian and Bauer, Bernhard},
	title = {A Metamodel and Model-based Design Rule Checking DSL for Verification and Validation of Electronic Circuit Designs},
	year = {2019},
	journal = {International Conference on Model-Driven Engineering and Software Development},
	pages = {315 – 322},
	doi = {10.5220/0007381303150322},
	url = {https://www.scopus.com/inward/record.uri?eid=2-s2.0-85173519090&doi=10.5220%2f0007381303150322&partnerID=40&md5=93e622e8c7309a7ded9e8090d09201af},
	type = {Conference paper},
	publication_stage = {Final},
	source = {Scopus}
}

@CONFERENCE{SIG:HilPLC,
	author = {Thönnessen, David and Rakel, Stefan and Reinker, Niklas and Kowalewski, Stefan},
	title = {Matching Discrete Signals for Hardware-in-the-Loop-Testing of PLCs},
	year = {2018},
	volume = {51},
	number = {10},
	pages = {229 – 234},
	doi = {10.1016/j.ifacol.2018.06.267},
	url = {https://www.scopus.com/inward/record.uri?eid=2-s2.0-85050974087&doi=10.1016%2fj.ifacol.2018.06.267&partnerID=40&md5=08a0e61bb57aa2c22dbdcd1181edc197},
	type = {Conference paper},
	publication_stage = {Final},
	source = {Scopus}
}

@CONFERENCE{SIG:WCOMP,
	author = {Zhang, Peng and Luk, Wai-Shing and Song, Yu and Tong, Jiarong and Tang, Pushan and Zeng, Xuan},
	title = {WCOMP: Waveform comparison tool for mixed-signal validation regression in memory design},
	year = {2007},
	journal = {Proceedings of the Asia and South Pacific Design Automation Conference, ASP-DAC},
	pages = {209 – 214},
	doi = {10.1109/ASPDAC.2007.357987},
	url = {https://www.scopus.com/inward/record.uri?eid=2-s2.0-46649090540&doi=10.1109%2fASPDAC.2007.357987&partnerID=40&md5=55dcc9b555456e73a866cca1a2b053ea},
	type = {Conference paper},
	publication_stage = {Final},
	source = {Scopus}
}

@ARTICLE{SIG:TimeSeriesCompare,
	author = {Bagnall, Anthony and Lines, Jason and Bostrom, Aaron and Large, James and Keogh, Eamonn},
	title = {The great time series classification bake off: a review and experimental evaluation of recent algorithmic advances},
	year = {2017},
	journal = {Data Mining and Knowledge Discovery},
	volume = {31},
	number = {3},
	pages = {606 – 660},
	doi = {10.1007/s10618-016-0483-9},
	url = {https://www.scopus.com/inward/record.uri?eid=2-s2.0-84996721530&doi=10.1007%2fs10618-016-0483-9&partnerID=40&md5=865508e652c86a4d8ce9095e51055889},
	type = {Article},
	publication_stage = {Final},
	source = {Scopus},
	note = {Cited by: 844; All Open Access, Green Open Access, Hybrid Gold Open Access}
}

@misc{SIG:UCRArchive2018,
    title = {The UCR Time Series Classification Archive},
    author = {Dau, Hoang Anh and Keogh, Eamonn and Kamgar, Kaveh and Yeh, Chin-Chia Michael and Zhu, Yan and Gharghabi, Shaghayegh and Ratanamahatana, Chotirat Ann and Yanping and Hu, Bing and Begum, Nurjahan and Bagnall, Anthony and Mueen, Abdullah and Batista, Gustavo, and Hexagon-ML},
    year = {2018},
    month = {October},
    note = {\url{https://www.cs.ucr.edu/~eamonn/time_series_data_2018/}}
}

@booklet{SIG:AccelerateDTW,
    author = {Abdullah Mueen, Eamonn J. Keogh},
    title = {Extracting Optimal Performance from Dynamic Time Warping},
    howpublished= {Presented at 22nd ACM SIIGDD Conference on Knowledge Discovery and Data Mining, San Francisco, California},
    year = {2106}
}

@CONFERENCE{SIG:PruneDTW,
	author = {Silva, Diego F. and Batista, Gustavo E.A.P.A.},
	title = {Speeding up all-pairwise dynamic time warping matrix calculation},
	year = {2016},
	journal = {16th SIAM International Conference on Data Mining 2016, SDM 2016},
	pages = {837 – 845},
	doi = {10.1137/1.9781611974348.94},
	url = {https://www.scopus.com/inward/record.uri?eid=2-s2.0-84991570895&doi=10.1137%2f1.9781611974348.94&partnerID=40&md5=d507f8eb103d5b16c03324dff63f64cb},
	type = {Conference paper},
	publication_stage = {Final},
	source = {Scopus},
	note = {Cited by: 84}
}

@INBOOK{DSL:Parser,
    author={Dos Reis, Anthony J.},
    booktitle={Compiler Construction Using Java, JavaCC, and Yacc}, 
    title={Recursive-Descent Parsing}, 
    year={2012},
    volume={},
    number={},
    pages={185-214},
    doi={10.1002/9781118112762.ch9}
}





